@article{aarts2014,
  title={A solution to dependency: using multilevel analysis to accommodate nested data},
  author={Aarts, Emmeke and Verhage, Matthijs and Veenvliet, Jesse V and Dolan, Conor V and Van Der Sluis, Sophie},
  journal={Nature neuroscience},
  volume={17},
  number={4},
  pages={491--496},
  year={2014},
  publisher={Nature Publishing Group}
}
---
@article{beauchamp2005,
  title={A multilevel investigation of the relationship between role ambiguity and role efficacy in sport},
  author={Beauchamp, Mark R and Bray, Steven R and Fielding, Antony and Eys, Mark A},
  journal={Psychology of Sport and Exercise},
  volume={6},
  number={3},
  pages={289--302},
  year={2005},
  publisher={Elsevier}
}
---
@article{benson2016,
  title={A prospective multilevel examination of the relationship between cohesion and team performance in elite youth sport},
  author={Benson, Alex J and {\v{S}}i{\v{s}}ka, Pavol and Eys, Mark and Priklerova, Silvia and Slepi{\v{c}}ka, Pavel},
  journal={Psychology of Sport and Exercise},
  volume={27},
  pages={39--46},
  year={2016},
  publisher={Elsevier}
}
---
@article{boisgontier2016,
  title={The anova to mixed model transition},
  author={Boisgontier, Matthieu P and Cheval, Boris},
  journal={Neuroscience \& Biobehavioral Reviews},
  volume={68},
  pages={1004--1005},
  year={2016},
  publisher={Elsevier}
}
---
@article{cornelius2007,
  title={Applications of multilevel modeling in sport injury rehabilitation research},
  author={Cornelius, Allen E and Brewer, Britton W and Van Raalte, Judy L},
  journal={International Journal of Sport and Exercise Psychology},
  volume={5},
  number={4},
  pages={387--405},
  year={2007},
  publisher={Taylor \& Francis}
}
---
@article{curran-everett2011,
  title={Explorations in statistics: regression},
  author={Curran-Everett, Douglas},
  journal={Advances in Physiology Education},
  volume={35},
  number={4},
  pages={347--352},
  year={2011},
  publisher={American Physiological Society Bethesda, MD}
}
---
@book{enders2010,
  title={Applied missing data analysis},
  author={Enders, Craig K},
  year={2010},
  publisher={Guilford press}
}
---
@phddissertation{giordano2021,
  title={The Effects of Cervical Spine Position and Spinal Manipulation on Shoulder Rotation Strength},
  author={Giordano, Kevin},
  year={2021},
  school={Auburn University}
}
---
@book{hox2017,
  title={Multilevel analysis: Techniques and applications},
  author={Hox, Joop J and Moerbeek, Mirjam and Van de Schoot, Rens},
  year={2017},
  publisher={Routledge}
}
---
@article{iglesias2021,
  title={Inter-individual variability in the load-velocity relationship is detected by multilevel mixed regression models},
  author={Iglesias-Soler, Eliseo and Mayo, Xian and Rial-V{\'a}zquez, J{\'e}ssica and Haff, Guy G},
  journal={Sports biomechanics},
  volume={20},
  number={3},
  pages={304--318},
  year={2021},
  publisher={Taylor \& Francis}
}
---
@article{liao2021,
  title={Longitudinal Changes of Patellar Alignment Before and After Anterior Cruciate Ligament Reconstruction With Hamstring Autograft},
  author={Liao, Tzu-Chieh and Pedoia, Valentina and Majumdar, Sharmila and Souza, Richard B},
  journal={The American Journal of Sports Medicine},
  volume={49},
  number={11},
  pages={2908--2915},
  year={2021},
  publisher={SAGE Publications Sage CA: Los Angeles, CA}
}
---
@article{mueske2018,
  title={Improvements in landing biomechanics following anterior cruciate ligament reconstruction in adolescent athletes},
  author={Mueske, Nicole M and Patel, Akash R and Pace, J Lee and Zaslow, Tracy L and VandenBerg, Curtis D and Katzel, Mia J and Edison, Bianca R and Wren, Tishya AL},
  journal={Sports biomechanics},
  year={2018},
  publisher={Taylor \& Francis}
}
---
@article{nojiri2019,
  title={Static stretching time required to reduce iliacus muscle stiffness},
  author={Nojiri, Shusuke and Yagi, Masahide and Mizukami, Yu and Ichihashi, Noriaki},
  journal={Sports biomechanics},
  year={2019},
  publisher={Taylor \& Francis}
}
---
@article{pataky2019,
  title={On the validity of statistical parametric mapping for nonuniformly and heterogeneously smooth one-dimensional biomechanical data},
  author={Pataky, Todd C and Vanrenterghem, Jos and Robinson, Mark A and Liebl, Dominik},
  journal={Journal of biomechanics},
  volume={91},
  pages={114--123},
  year={2019},
  publisher={Elsevier}
}
---
@book{raudenbush2002,
  title={Hierarchical linear models: Applications and data analysis methods},
  author={Raudenbush, Stephen W and Bryk, Anthony S},
  volume={1},
  year={2002},
  publisher={sage}
}
---
@article{schielzeth2013,
  title={Nested by design: model fitting and interpretation in a mixed model era},
  author={Schielzeth, Holger and Nakagawa, Shinichi},
  journal={Methods in Ecology and Evolution},
  volume={4},
  number={1},
  pages={14--24},
  year={2013},
  publisher={Wiley Online Library}
}
---
@article{slowik2019,
  title={Fastball Velocity and Elbow-Varus Torque in Professional Baseball Pitchers},
  author={Slowik, Jonathan S and Aune, Kyle T and Diffendaffer, Alek Z and Cain, E Lyle and Dugas, Jeffrey R and Fleisig, Glenn S},
  journal={Journal of athletic training},
  volume={54},
  number={3},
  pages={296--301},
  year={2019},
  publisher={National Athletic Trainers Association}
}
---
@article{stronska2020,
  title={The effect of targeted resistance training on bench press performance and the alternation of prime mover muscle activation patterns},
  author={Stronska, Katarzyna and Golas, Artur and Wilk, Michal and Zajac, Adam and Maszczyk, Adam and Stastny, Petr},
  journal={Sports Biomechanics},
  pages={1--15},
  year={2020},
  publisher={Taylor \& Francis}
}
---
@phddissertation{wasserberger2021,
  title={The Effects of Throwing Intensity on Overhead Throwing Mechanics},
  author={Wasserberger, Kyle},
  year={2021},
  school={Auburn University}
}
---
@article{vermunt2008latent,
  title={Latent class and finite mixture models for multilevel data sets},
  author={Vermunt, Jeroen K},
  journal={Statistical methods in medical research},
  volume={17},
  number={1},
  pages={33--51},
  year={2008},
  publisher={Sage Publications Sage UK: London, England}
}
---
@incollection{zuur2009,
  title={Mixed effects modelling for nested data},
  author={Zuur, Alain F and Ieno, Elena N and Walker, Neil J and Saveliev, Anatoly A and Smith, Graham M},
  booktitle={Mixed effects models and extensions in ecology with R},
  pages={101--142},
  year={2009},
  publisher={Springer}
}
